@article{Cambardella_1992,
  doi = {10.2136/sssaj1992.03615995005600030017x},
  url = {http://dx.doi.org/10.2136/sssaj1992.03615995005600030017x},
  year = {1992},
  publisher = {Soil Science Society of America},
  volume = {56},
  number = {3},
  pages = {777},
  author = {C. A. Cambardella and E. T. Elliott},
  title = {{Particulate Soil Organic-Matter Changes across a Grassland Cultivation Sequence}},
  journal = {Soil Science Society of America Journal},
}


@article{Heo_2002,
  doi = {10.1042/ba20020018},
  url = {http://dx.doi.org/10.1042/ba20020018},
  year = {2002},
  month = {Aug},
  publisher = {Wiley-Blackwell},
  volume = {36},
  number = {1},
  pages = {41},
  author = {Moon-Soo Heo and Hong-Joo Son},
  title = {{Development of an optimized simple chemically defined medium for bacterial cellulose production by Acetobacter sp. A9 in shaking cultures}},
  journal = {Biotechnology and Applied Biochemistry},
}


@article{Hamady_2008,
  doi = {10.1038/nmeth.1184},
  url = {http://dx.doi.org/10.1038/nmeth.1184},
  year = {2008},
  month = {Mar},
  publisher = {Nature Publishing Group},
  volume = {5},
  number = {3},
  pages = {235-237},
  author = {Micah Hamady and Jeffrey J Walker and J Kirk Harris and Nicholas J Gold and Rob Knight},
  title = {{Error-correcting barcoded primers for pyrosequencing hundreds of samples in multiplex}},
  journal = {Nat Meth},
}


@book{9780408708036,
  author = {G.D. Birnie},
  title = {{Centrifugal Separations: Molecular and Cell Biology}},
  publisher = {Butterworth \& Co Publishers Ltd},
  year = {1978},
  isbn = {0408708034},
  url = {http://www.amazon.com/Centrifugal-Separations-Molecular-Cell-Biology/dp/0408708034%3FSubscriptionId%3D0JYN1NVW651KCA56C102%26tag%3Dtechkie-20%26linkCode%3Dxm2%26camp%3D2025%26creative%3D165953%26creativeASIN%3D0408708034},
}
